Record 1
LDR  00913cam  2200229   45  
005  19930729000000.0
008  790711m19739999enk           00100 eng  
010       $a 74166926
020       $a 0421193506 (v. A1)
035       $a (CStRLIN)11315733-B
043       $a ew-----
050  0    $a LAW
245  00   $a Encyclopedia of European Community law; $c general editor K. R. Simmonds
260  0    $a London, $b Sweet & Maxwell; $a Edinburgh, $b Green $a [New York] $b Bender $c [1973-
300       $a v. (loose-leaf) $c 26 cm
350       $a ¹17.50 (v. A1)
500       $a UCDL: NO LOC. CODE IN 1ST 920, IGNORE ALL OTHER 920S; REJECT (07/06).
505  1    $a v. A. United Kingdom sources. 1. Community secondary legislation. -v. B. European Community treaties. 2 v
650   0   $a Law $z European Economic Community countries
700  10   $a Simmonds, K. R. $q (Kenneth R.)
730  01   $a Official journal of the European Communities: special edition
901       $a DLB $b 102773

Record 2
