LDR  01025cam  2200241   45  
001  14228629-B
005  19891127000000.0
008  800222s1832    pau           üüü1übeng d
040       $a CU-AL  $c CU-AL
043       $a n-us---
100  10   $a Marshall, John, $d 1755-1835
245  14   $a The life of George Washington, $b commander in chief of the American forces, during the war which established the independence of his country, and first president of the United States. $c Compiled under the inspection of the Honourable Bushrod Washington, from original papers ... By John Marshall
250       $a 2d ed., rev. and cor. $b by the author ..
260  0    $a Philadelphia, $b Crissy, $c 1832
300       $a 2 v
500       $a UCDL: 901 $a HAS NO VALID SOURCE - REJECT (04/02).
901       $a UCDXb1133275 $b rare  $c u
902       $a 950124
999       $b 1 $c 950124 $d m $e - $g 4
920       $a E312.M36 1832 $l rare
950       $l STKS $f c $i 02/22/80 N
955       $l STKS $c 1 $q 3556c $i 02/22/80 C
998       $a 02/22/80 $t c $s 9344 $n CU-AL $w NYCX82B60415 $d 05/14/81 $c DY $b DV $i 800222 $l CUDL

Record 3
