LDR  00792nas  2200229 a 45  
005  20020403000000.0
008  981006c19989999njufr    gbg  0  |a0eng d
035       $a (CStRLIN)98-S117
040       $a WaU-L $c WaU-L $d CU-AL
043       $a n-us---
050   4   $a K22 $b .U86
245  00   $a Rutgers race & the law review
260       $a Newark, N.J. : $b Rutgers University School of Law--Newark, $c 1998-
300       $a v. ; $c 24 cm
310       $a Semiannual
362  0    $a Vol. 1, no. 1 (1998)-
500       $a UCDL: NO 920, NO LOC CODE - REJECT (07/06).
650   0   $a Race discrimination $x Law and legislation $z United States $x Periodicals
650   0   $a Discrimination $x Law and legislation $z United States $x Periodicals
710  2    $a Rutgers Law School (Newark, N.J.)
740  0    $a Rutgers race & law review
901       $a DLB $b 203363

